%bussingpaper bibliography
@incollection{example,
		AUTHOR = "Muntz, Curtis M.",
		TITLE = "Woo Spring Break Example Woo Woo",
		BOOKTITLE = "Book of Woo",
		publisher = "Curtis \& Co.",
		address = "New York",
		year = "1902",
		pages = "1-10",
		howpublished = "\url{http://www.example.com}"
	}

